<?xml version="1.0" encoding="UTF-8"?><collection><record><leader>08558ntm a2200577 a 4500</leader><controlfield tag="001">005989433</controlfield><controlfield tag="003">MiAaHDL</controlfield><controlfield tag="005">20190719000000.0</controlfield><controlfield tag="006">m        d        </controlfield><controlfield tag="007">cr bn ---auaua</controlfield><controlfield tag="008">090407s1766    xx            00| ||ara d</controlfield><datafield tag="035" ind1=" " ind2=" "><subfield code="a">(MiU)005989433</subfield></datafield><datafield tag="035" ind1=" " ind2=" "><subfield code="a">sdr-miu005989433</subfield></datafield><datafield tag="040" ind1=" " ind2=" "><subfield code="a">MiU</subfield><subfield code="c">MiU</subfield><subfield code="e">amremm</subfield></datafield><datafield tag="043" ind1=" " ind2=" "><subfield code="a">n-us-mi</subfield></datafield><datafield tag="100" ind1="1" ind2=" "><subfield code="6">880-01</subfield><subfield code="a">Qārī al-Harawī, ʻAlī ibn Sulṭān Muḥammad,</subfield><subfield code="d">-1605 or 1606.</subfield></datafield><datafield tag="245" ind1="1" ind2="0"><subfield code="6">880-02</subfield><subfield code="a">Fayḍ al-arḥam wa-fatḥ al-akram ʻalá al-Ḥizb al-aʻẓam wa-al-wird al-afkham,</subfield><subfield code="f">[1180, i.e. 1766].</subfield></datafield><datafield tag="246" ind1="3" ind2=" "><subfield code="i">Title from inscription on 'title page' (p.19):</subfield><subfield code="a">فيض الارحم شرح حزب الاعظم</subfield></datafield><datafield tag="246" ind1="3" ind2=" "><subfield code="i">Title from inscription on front flyleaf (p.1):</subfield><subfield code="a">فيض الارحم على الحزب الاعظم</subfield></datafield><datafield tag="246" ind1="3" ind2=" "><subfield code="i">Edge title:</subfield><subfield code="a">فيض الارحم على الحزب الاعظم</subfield></datafield><datafield tag="260" ind1=" " ind2=" "><subfield code="c">[1766]</subfield></datafield><datafield tag="300" ind1=" " ind2=" "><subfield code="a">160 leaves :</subfield><subfield code="b">paper ;</subfield><subfield code="c">216 x 140 (159 x 79) mm.</subfield></datafield><datafield tag="500" ind1=" " ind2=" "><subfield code="a">Shelfmark: Ann Arbor, University of Michigan, Special Collections Library, Isl. Ms. 52</subfield></datafield><datafield tag="500" ind1=" " ind2=" "><subfield code="a">Origin: As appears in colophon on fol.159b (p.326), copied by ʻAbd al-Raḥīm ibn Ḥasan ibn Ibrāhīm with transcription finished ("qad waqaʻa al-farāgh min tanmīq [al-sharḥ?] al-sharīf...") 20 Rabīʻ II 1180 [ca. 25 September 1766]. In the same hand, colophon for the previous exemplar transcribed by one Muṣṭafá ibn Muḥammad is included prior to the colophon for this ms. (see fol.159a-159b/p.325-326).</subfield></datafield><datafield tag="500" ind1=" " ind2=" "><subfield code="a">Accompanying materials: Several inserted slips carrying portions of text on the Prophet, etc. some paginated (pp.99-102/folded, pp.209-210, pp.331-332), one scrap carrying text (between p.136-137) and a full folded document (between p.118-119) not paginated.</subfield></datafield><datafield tag="500" ind1=" " ind2=" "><subfield code="a">Former shelfmark: British Museum, London "No. 35. Al-Faiz al-arham." ; on tail edge of textblock "٣٠١".</subfield></datafield><datafield tag="500" ind1=" " ind2=" "><subfield code="a">Binding: Pasteboards covered in red-brown leather ; Type III binding (without flap) ; pastedowns and flyleaves in yellow paper ; upper and lower covers carry central diamond motif and cornerpieces in blind-tooled rosettes with incised fillet border and accents ; sewn in salmon thread, two stations ; chevron endbands in pink and cream ; in fair condition with abrasion, staining, some cracking of spine leather, and spine slant (cocked) ; several loose leaves.</subfield></datafield><datafield tag="500" ind1=" " ind2=" "><subfield code="a">Support: European laid paper with 13 laid lines per cm. (vertical) and single chain lines spaced 22 mm. apart (horizontal) ; watermarks include scrollwork with crown above and lion rampant within as well as "FC" in circle with trefoil-like motifs above and below ; well-burnished and fairly smooth ; added leaves ruled for table of contents in a different European laid paper.</subfield></datafield><datafield tag="500" ind1=" " ind2=" "><subfield code="a">Decoration: Keywords, section headings, and notabilia (side-heads) rubricated ; overlining in red ; written area and margin surrounded by red rule-border.</subfield></datafield><datafield tag="500" ind1=" " ind2=" "><subfield code="a">Script: Naskh ; fine Turkish (?) hand ; virtually serifless ; slight effect of tilt to the left ; many closed counters ; occasional effect of words descending to baseline ; partially vocalized.</subfield></datafield><datafield tag="500" ind1=" " ind2=" "><subfield code="a">Layout: Written in 25 lines per page ; frame-ruled (impression of ruling-board evident).</subfield></datafield><datafield tag="500" ind1=" " ind2=" "><subfield code="a">Collation: i, IV (8), 15 V(158), I (160), i ; chiefly quinions ; added quaternion ruled for table of contents precedes text ; final leaf left blank ; catchwords present ; pagination in black ink, Hindu-Arabic numerals, begins with ۱ on incipit page (mistakenly skips two pages between١٩٥ and ۱٩٦ and again between ۲٥۸ and ۲٥٩, mistakenly repeats ۲۲٥ and ٢٤٣); pagination in pencil, Western numerals, supplied during digitization (includes flyleaves and some inserts).</subfield></datafield><datafield tag="500" ind1=" " ind2=" "><subfield code="a">Colophon: "Scribal," rectangular, reads: "اعلم ان المصنف رحمه الله تعالى ختم الصلوة الشريفة على محمد صلى الله عليه وسلم بهذه الآية الكريمة خاتمة تشريفة ... قد وقفنا بتحرير هذه النسخة بالاتمام وحقق لنا الفوز بهذا المرام والحمد لله على كمال لطفه ... وانا العبد الضعيف الفقير الى غفران رحمة ربه القدير مصطفى بن محمد غفر لهما الله الصمد مع الذين انعمت عليهم ... وقد وقع الفراغ من تنميق [الشرح؟] الشريف على يد افقر عبيد العلام عبد الرحيم بن الحاج حسن بن ابراهيم غفر الله لهم ولوالديهم ولاجدادهم ولاستاذهم ولاخوانهم ولاحبائهم ولجميع المؤمنين والمؤمنات بحرمة من له العز والشرف لسنة ثمانين ومائة والف في اليوم العشرين من ربيع الاخرة الله اعلم"</subfield></datafield><datafield tag="500" ind1=" " ind2=" "><subfield code="a">Explicit: "والمراد تنبيه المؤمنين على كيفية تسبيحه وتحميده التسليم على رسله هم وسائط بينهم وبينه في فيضان الكلمات الدينية والدنيوية عليهم كذا في الارشاد"</subfield></datafield><datafield tag="500" ind1=" " ind2=" "><subfield code="a">Incipit: "الحمد لله الذي اعد للقانتين والمسبحين مثوبة ... وبعد فلما كان الحزب الاعظم والورد الافخم المنسوب الى الرسول الاكرم صلى الله عليه وسلم جامعا للدعوات المأثورة التي فيها المتابعة المحمدية ... ولكنه محتاج الى كشف اسرار معانيه ... فخطر بالي ان اشرحه شرحا محتويا لما يحتاج اليه فاستخرت الله متضرعا اليه ان يجعله خالصا لوجهه الكريم ... وسميته فيض الارحم وفتح الاكرم على الحزب الاعظم والورد الافخم ..."</subfield></datafield><datafield tag="500" ind1=" " ind2=" "><subfield code="a">Title from opening on fol.9b (p.20).</subfield></datafield><datafield tag="500" ind1=" " ind2=" "><subfield code="a">Ms. codex.</subfield></datafield><datafield tag="510" ind1="4" ind2=" "><subfield code="a">Brockelmann, C. GAL,</subfield><subfield code="c">II 396</subfield></datafield><datafield tag="520" ind1="8" ind2=" "><subfield code="a">Fine copy of al-Qārī al-Harawī's own commentary upon his collection of prayers, al-Ḥizb al-aʻẓam wa-al-wird al-afkham.</subfield></datafield><datafield tag="538" ind1=" " ind2=" "><subfield code="a">Mode of access: Internet.</subfield></datafield><datafield tag="541" ind1=" " ind2=" "><subfield code="c">Purchase ;</subfield><subfield code="a">Acquired by purchase along with Abdul Hamid Collection (funds donated by Horace Rackham).</subfield><subfield code="d">1924.</subfield></datafield><datafield tag="546" ind1=" " ind2=" "><subfield code="a">Arabic.</subfield></datafield><datafield tag="561" ind1=" " ind2=" "><subfield code="a">Bookplate of British Museum, London on interior of upper cover, "British Museum, London. No. 35. Al-Faiz al-arham." ; circular seal impression with figure of goat/gazelle in purple ink as well as inscription "317" in Western numerals on front flyleaf (p.1) ; possible former inventory mark in Hindu-Arabic numerals on front flyleaf (p.1) ; circular waqf-seal impression in black ink appears on recto of opening added leaf ruled for table of contents (p.3) and several places throughout ('title page' p.19, etc.), reads: "هذا وقف الراجي فيض الصمدي الشيخ احمد ضيا الدين ابن مصطفى الخالدي فمن بدله بعد ما سمعه فانما اثمه على الذين يبدلونه" in name of Aḥmad Ḍiyāʼ al-Dīn ibn Muṣṭafá al-Khālidī (i.e. Ahmed Ziyâüddîn Gümüşhanevî, d. 1893 or 4) ; on 'title page' (p.19), ownership statement accompanied by oval seal impression "السيد احمد رشيد ١٢٣٥" statement reads, "مما اعطاه سبحانه وتعالى لعبده العاجز كوچك سليمان افندى زاده السيد احمد رشيد القاضى بالمدينة المنورة مؤقتا غفر لهما ۱٥ را سنة ١۲۷۱" ; also on 'title page' (p.19), two other oval seal impressions (one repeated twice) ; yet another oval seal impression on fol.159b (p.326) "عبد الله محسن [؟]..." ; occasional notabilia (side heads), marginal corrections and glosses.</subfield></datafield><datafield tag="600" ind1="1" ind2="0"><subfield code="a">Qārī al-Harawī, ʻAlī ibn Sulṭān Muḥammad,</subfield><subfield code="d">-1605 or 1606.</subfield><subfield code="t">Ḥizb al-aʻẓam.</subfield></datafield><datafield tag="650" ind1=" " ind2="0"><subfield code="a">Manuscripts, Arabic</subfield><subfield code="z">Michigan</subfield><subfield code="z">Ann Arbor.</subfield></datafield><datafield tag="650" ind1=" " ind2="0"><subfield code="a">Islam</subfield><subfield code="v">Prayers and devotions</subfield><subfield code="v">Early works to 1800.</subfield></datafield><datafield tag="700" ind1="0" ind2=" "><subfield code="6">880-05</subfield><subfield code="a">ʻAbd al-Raḥīm ibn Ḥasan ibn Ibrāhīm,</subfield><subfield code="d">fl.1766,</subfield><subfield code="e">scribe.</subfield></datafield><datafield tag="773" ind1="0" ind2=" "><subfield code="a">Tiflis Collection.</subfield></datafield><datafield tag="880" ind1="0" ind2=" "><subfield code="6">700-05/</subfield><subfield code="a">عبد الرحيم بن حسن بن ابراهيم،</subfield><subfield code="e">ناسخ.</subfield></datafield><datafield tag="880" ind1="1" ind2="0"><subfield code="6">245-02/</subfield><subfield code="a">فيض الارحم وفتح الاكرم على الحزب الاعظم والورد الافخم,</subfield><subfield code="f">[1180ه, 1766م].</subfield></datafield><datafield tag="880" ind1="1" ind2=" "><subfield code="6">100-01/</subfield><subfield code="a">قاري الهروي، علي بن سلطان محمد.</subfield></datafield><datafield tag="CID" ind1=" " ind2=" "><subfield code="a">005989433</subfield></datafield><datafield tag="DAT" ind1="0" ind2=" "><subfield code="a">20190719102634.0</subfield><subfield code="b">20190719000000.0</subfield></datafield><datafield tag="DAT" ind1="1" ind2=" "><subfield code="a">20190719090653.0</subfield><subfield code="b">2019-07-19T16:10:58Z</subfield></datafield><datafield tag="DAT" ind1="2" ind2=" "><subfield code="a">2015-10-10T18:00:06Z</subfield></datafield><datafield tag="CAT" ind1=" " ind2=" "><subfield code="a">SDR-MIU</subfield><subfield code="d">EX LIBRIS - ALEPH</subfield><subfield code="l">prepare.pl-004-008</subfield></datafield><datafield tag="FMT" ind1=" " ind2=" "><subfield code="a">BK</subfield></datafield><datafield tag="HOL" ind1=" " ind2=" "><subfield code="0">sdr-miu005989433</subfield><subfield code="a">MiU</subfield><subfield code="b">SDR</subfield><subfield code="c">MIU</subfield><subfield code="p">mdp.39015079105444</subfield><subfield code="s">MIU</subfield><subfield code="1">005989433</subfield></datafield><datafield tag="974" ind1=" " ind2=" "><subfield code="b">MIU</subfield><subfield code="c">MIU</subfield><subfield code="d">20190719</subfield><subfield code="s">lit-dlps-dc</subfield><subfield code="u">mdp.39015079105444</subfield><subfield code="y">1766</subfield><subfield code="r">pd</subfield><subfield code="q">bib</subfield><subfield code="t">non-US bib date1 &lt; 1896</subfield></datafield></record></collection>